<?xml version="1.0" encoding="UTF-8"?><record xmlns="http://www.loc.gov/MARC21/slim" xmlns:cinclude="http://apache.org/cocoon/include/1.0" xmlns:zs="http://www.loc.gov/zing/srw/">
  <leader>00436cz  a2200133n  4500</leader>
  <controlfield tag="001">n  87811510 </controlfield>
  <controlfield tag="003">DLC</controlfield>
  <controlfield tag="005">20080409075850.0</controlfield>
  <controlfield tag="008">870227n| acannaabn          |n aad      </controlfield>
  <datafield tag="010" ind1=" " ind2=" ">
    <subfield code="a">n  87811510 </subfield>
  </datafield>
  <datafield tag="035" ind1=" " ind2=" ">
    <subfield code="a">(OCoLC)oca01798502</subfield>
  </datafield>
  <datafield tag="040" ind1=" " ind2=" ">
    <subfield code="a">DLC</subfield>
    <subfield code="b">eng</subfield>
    <subfield code="c">DLC</subfield>
    <subfield code="d">OCoLC</subfield>
  </datafield>
  <datafield tag="100" ind1="1" ind2=" ">
    <subfield code="a">Ryberg, Richard James</subfield>
  </datafield>
  <datafield tag="670" ind1=" " ind2=" ">
    <subfield code="a">nuc87-15806: His Organizational strategic types [MI] 1982</subfield>
    <subfield code="b">(hdg. on NSyU rept.: Ryberg, Richard James; usage: Richard James Ryberg)</subfield>
  </datafield>
</record>